% -----------------------------------------------------------------------
% File: CogSci_Template.bib
% -----------------------------------------------------------------------

% Modified : Eli M. Silk (esilk at pitt.edu)            05/24/2005
% Modified : David Noelle (dnoelle at ucmerced.edu)     11/19/2014


@InProceedings{ChalnickBillman1988a,
  author =	 {A. Chalnick and D. Billman},
  title =	 {Unsupervised learning of correlational structure},
  booktitle =	 {Proceedings of the Tenth Annual Conference of the
                  Cognitive Science Society},
  pages =	 {510--516},
  year =	 1988,
  address =	 {Hillsdale, NJ},
  publisher =	 {Lawrence Erlbaum Associates}
}

@InCollection{Feigenbaum1963a,
  author =	 {E. A. Feigenbaum},
  title =	 {The simulation of verbal learning behavior},
  booktitle =	 {Computers and thought},
  publisher =	 {McGraw-Hill},
  year =	 1963,
  editor =	 {E. A. Feigenbaum and J. Feldman},
  address =	 {New York}
}

@Article{RobbinsEveritt1999,
  author =	 {T. W. Robbins and B. J. Everitt},
  title =	 {Drug addiction: bad habits add up},
  journal =	 {Nature},
  year =	 1999,
  volume =	 398,
  pages =	 {567--570}
}

@Article{WiseBozarth1987,
  author =	 {R. A. Wise and M. Bozarth},
  title =	 {A psychomotor stimulant theory of addiction},
  journal =	 {Psychological Review},
  year =	 1987,
  volume =	 94,
  pages =	 {469--492}
}

@Article{ReddishJohnson2004,
  author =	 {A. D. Reddish and A. Johnson},
  title =	 {A computational model of craving and obsession},
  journal =	 {NY Academy of Science},
  year =	 2004,
  volume =	 306,
  pages =	 {1944--1947}
}

@Article{ReddishJensenJohnson2008,
  author =	 {A. D. Reddish and S. Jensen and A. Johnson},
  title =	 {Addiction as vulnerabilities in the decision process},
  journal =	 {Behavioral and Brain Sciences},
  year =	 2008,
  volume =	 31,
  pages =	 {461--487}
}

@Article{Tiffany1990,
  author =	 {S. T. Tiffany},
  title =	 {A cognitive model of drug urges and drug-use behavior: Role of automatic and nonautomatic processes},
  journal =	 {Psychological Review},
  year =	 1990,
  volume =	 97,
  pages =	 {147--168}
}

@Article{Nuttetal2015,
  author =	 {D. J. Nutt and A. Lingford-Hughes and D. Erritzoe and P. R. A. Stokes},
  title =	 {The dopamine theory of addiction: 40 years of highs and lows},
  journal =	 {Nature},
  year =	 2015,
  volume =	 16,
  pages =	 {305--312}
}

@Article{SimonDaw2012,
  author =	 {D. A. Simon and N. D. Daw},
  title =	 {Dual-System Learning Models and Drugs of Abuse},
  journal =	 {Computational Neuroscience of Drug Addiction},
  year =	 2012,
  volume =	 10,
  pages =	 {305--312}
}


@Article{Pavlov1927,
  author =	 {I. Pavlov},
  title =	 {Conditioned reflexes},
  journal =	 {Oxford University Press},
  year =	 1927,
}

@Article{Bitterman2006,
  author =	 {M. E. Bitterman},
  title =	 {Classical Conditioning since Pavlov},
  journal =	 {Review of General Psychology},
  year =	 2006,
  volume =   10,
  pages =    {365--376}
}

@Article{Schreurs2013,
  author =	 {B. G. Schreurs},
  title =	 {Classical conditioning of model systems: A behavioral review},
  journal =	 {Psychobiology},
  year =	 2013,
  volume =   17,
  pages =    {145--155}
}

M. C. Ritz, R. J. Lamb, S. R. Goldberg, M. J. Kuhar

@Article{Ritz1987,
  author =	 {M. C. Ritz and R. J. Lamb and S. R. Goldberg and M. J. Kuhar},
  title =	 {Cocaine receptors on dopamine transporters are related to self-administration of cocaine},
  journal =	 {Science},
  year =	 1987,
  volume =   237
}

@Article{Piccato1998,
  author =	 {M. R. Picciotto},
  title =	 {Nicotine Addiction: From Molecules to Behavior},
  journal =	 {The Neuroscientist},
  year =	 1998,
  volume =   4,
  pages =    {391--394}
}



@Article{Pidoplichko1997,
  author =	 {V. I. Pidoplichko and M. DeBiasi and J. T. Williams and J. A. Dani},
  title =	 {Nicotine activates and desensitizes midbrain dopamine neurons},
  journal =	 {The Neuroscientist},
  year =	 1997,
  volume =   390,
  pages =    {401--404}
}

@Article{Laviolette2004,
  author =	 {S. R. Laviolette and R. A. Gallegos and S. J. Henriksen and D. van der Kooy},
  title =	 {Opiate state controls bi-directional reward signaling via GABAA receptors in the ventral tegmental areas},
  journal =	 {Nature Neuroscience},
  year =	 2004,
  volume =   7,
  pages =    {160--169}
}



@Article{Pan2005,
  author =	 {W. Pan and R. Schmidt and  J. R. Wickens and B. I. Hyland},
  title =	 {Dopamine Cells Respond to Predicted Events during Classical Conditioning: Evidence for Eligibility Traces in the Reward-Learning Network},
  journal =	 {The Journal of Neuroscience},
  year =	 2005,
  volume =   25,
  pages =    {6235--6242}
}

@Article{Diederen2020,
  author =	 {K. M. J. Diederen and P. C. Fletcher},
  title =	 {Dopamine, Prediction Error and Beyond},
  journal =	 {The Neuroscientist},
  year =	 2020,
  volume =   27,
  pages =    {30--46}
}


@Article{Schultz2016,
  author =	 {W. Schultz},
  title =	 {Dopamine reward prediction error coding},
  journal =	 {Basic Research},
  year =	 2016,
  volume =   18,
  pages =    {30--46}
}


@Article{Hyman2001,
  author =	 {S. E. Hyman and R. C. Malenka},
  title =	 {Addiction and the brain: The neurobiology of compulsion and its persistence},
  journal =	 {Nature Reviews Neuroscience},
  year =	 2001,
  volume =   2,
  pages =    {695--703}
}

@Article{Koob1992,
  author =	 {G. F. Koob},
  title =	 {Dopamine, addiction and reward},
  journal =	 {seminars in the Neurosciences},
  year =	 1992,
  volume =   4,
  pages =    {139--148}
}


@Book{Lowinson2005,
  author =	 {J. H. Lowinson},
  title =	 {Substance Abuse: A comprehensive Textbook},
  publisher =	 {Lippincott, Williams \& Wilkins},
  year =	 2005
}



% -----------------------------------------------------------------------
% Document End
% -----------------------------------------------------------------------
